% book
% Required fields: author or editor, title, publisher, year. 
% Optional fields: volume or number, series, address, edition, month, note.
@book{Casella,
  author = {Casella and Berger},
  title = {Statistical Inference},
  publisher = {Duxbury press},
  year = {2008},
  edition = "second edition"

}



